2567 3122
666 100 1579 187 τιττιεττᾼτιόζ
1815 137 1988 190 vnit

242 245 342 315 «ἢ,
375 244 470 309 sed
491 261 644 312 ωιτη,
664 242 1093 324 quodvetustate
1114 242 1498 315 detrituserat,
1516 244 1587 305 dje
1607 242 1984 309 nonodesctss

243 338 484 398 bendum
508 337 727 405 curauit,
747 334 1218 414 descriptumque
1200 354 1257 392 ττι
1278 333 1431 394 suum
1455 321 1692 394 museum
1710 334 1982 411 transtulit,

73 478 87 501 .
133 434 136 436 ’
242 425 585 497 eocoufilio,
602 428 758 502 vtis,
779 424 1233 487 fiferretoccafio
1263 424 1569 494 etadeffen
1597 427 1691 504 qui
1723 424 1987 506 impensu

240 518 300 579 in
320 519 371 578 se
390 518 689 600 susciperet,
715 538 843 579 cum
862 519 1079 580 erudito
1104 533 1283 579 coetu·⁴
1300 517 1804 581 communicaretur.
1855 518 1984 581 Sine

239 600 411 669 dubio
432 611 488 670 id
506 612 610 669 iam
635 611 844 688 pridem
863 611 1070 690 abipso
1093 608 1394 670 dofflffiruo
1419 610 1535 668 viro
1559 607 1761 667 fastum
1783 606 1982 676 fuissen

237 699 336 760 nifi
355 702 453 760 alia
474 702 730 778 grauiora,
751 703 945 781 quibus
966 702 1020 763 se
1041 698 1361 781 implicitum
1375 702 1520 770 vidit,
1541 699 1759 777 negotia
1781 698 1848 762 ab
1871 698 1984 765 hoc

236 791 487 853 laudabili
538 794 776 853 instituto
823 813 950 853 eum
1002 793 1350 853 reuocaffent.
1477 792 1832 869 Quapropter
1883 805 1984 868 per

232 882 375 944 mihi
411 901 621 961 gramm
674 902 835 963 atque
864 885 1429 962 —iucundumiaocidin
1473 896 1645 964 quum
1686 880 1795 959 ipse
1835 899 1985 941 anno

238 989 274 1032 o
291 979 310 1030 ι
327 993 363 1034 o
380 992 396 1031 ι
411 996 448 1035 a
467 993 501 1032 c
519 993 554 1032 c
570 994 657 1032 xi.
671 995 743 1032 vi
764 994 800 1038 ι.
824 974 1123 1034 Florentiae
1138 975 1474 1051 perfaliquod
1497 990 1710 1049 tempus
1729 989 1981 1051 commo·

233 1082 376 1124 taret
393 1082 450 1124 et
467 1065 611 1141 apud
640 1066 737 1125 cel.
760 1065 933 1123 virum
956 1064 1128 1124 sermo
1150 1081 1205 1123 et
1223 1066 1284 1122 in
1304 1065 1675 1123 Oricellarium
1697 1062 1869 1134 hunc,
1892 1079 1983 1120 ne<

232 1153 349 1214 scio
372 1174 486 1233 quo
512 1154 631 1213 casu
644 1200 659 1222 ‚
680 1156 953 1224 incideret,
979 1171 1040 1215 vt
1061 1156 1164 1230 ille,
1189 1174 1326 1234 quae
1350 1156 1464 1213 eius
1481 1153 1748 1231 singularis
1770 1171 1890 1210 erat
1902 1170 1982 1208 er-

233 1232 303 1321 g‘a
321 1266 413 1305 me
431 1245 1078 1311 beneuoientiaacnimia
1103 1247 1164 1306 in
1182 1263 1371 1306 tenues
1403 1265 1550 1306 meas
1580 1246 1718 1306 vires
1750 1242 2003 1315 fiducia,-

231 1333 428 1412 sponte
478 1334 733 1392 codicem
784 1333 932 1391 hunc
958 1334 1117 1391 anilii
1145 1333 1411 1391 offerret:
1480 1354 1643 1410 quam
1683 1350 1809 1391 ante
1869 1331 1979 1409 ipse

234 1422 547 1502 first-eperat,
584 1425 808 1481 editoris
831 1423 1166 1500 prouinciam
1189 1421 1586 1500 perhumaniter
1601 1423 1657 1481 in
1680 1443 1772 1482 me
1794 1422 1979 1482 deuol-

234 1532 389 1579 ueret
413 1531 572 1592 atque
596 1515 973 1573 Oriceliarium
994 1514 1142 1573 suum
1166 1534 1383 1572 mecum
1406 1515 1464 1572 in
1495 1514 1844 1573 Germaniam
1873 1514 1976 1571 mi·

108 1666 120 1679 ,
235 1625 385 1683 grase
410 1606 632 1664 iuberet.
722 1607 830 1664 Pro
858 1625 964 1682 qua
985 1603 1175 1683 infigni
1194 1606 1307 1663 eius
1332 1624 1460 1681 erga
1481 1625 1570 1663 me
1603 1606 1977 1666 beneuolentia

235 1698 318 1754 vti
337 1695 591 1752 mximas
608 1693 704 1768 ipsi
729 1694 888 1750 habui
907 1696 1131 1770 gratiam
1155 1694 1228 1752 fic
1260 1715 1486 1754 omnem
1514 1715 1691 1753 mmm
1723 1714 1976 1773 operam,

234 1785 494 1864 qmnflim
513 1782 697 1860 potui,
718 1783 774 1839 in
796 1800 871 1839 eo
902 1782 1190 1849 collumni,
1220 1799 1281 1842 vt
1309 1803 1487 1841 nouus
1520 1784 1609 1842 hic
1644 1785 1848 1845 itineris
1882 1805 1978 1843 co-

233 1894 348 1935 mae
370 1872 644 1933 fortunam
661 1874 719 1931 in
738 1873 1032 1931 Germania
1056 1874 1377 1951 experiretur
1399 1875 1715 1952 benignam,
1743 1896 1805 1933 ae
1826 1875 1975 1935 futu-

232 1983 322 2026 ms
344 1963 487 2042 quali
511 1963 1162 2040 Germmiaeinquilinus,
1192 1983 1347 2021 nouo
1372 1982 1709 2023 exornaretur
1730 1966 1930 2027 habitu.

376 2072 404 2111 s
422 2074 462 2110 v
482 2072 512 2109 ι»
529 2071 559 2109 τε
575 2071 612 2108 τι
626 2070 662 2110 Ε
678 2071 705 2109 s
724 2071 769 2108 T
807 2053 1010 2129 itaque,
1047 2069 1133 2120 vt,
1157 2072 1306 2130 quae
1334 2056 1444 2130 ipse
1482 2059 1551 2113 ad
1582 2057 1974 2134 expoliendum

234 2145 507 2226 optimum
529 2144 675 2201 hunc
696 2142 1010 2219 scriptorem
1031 2145 1258 2219 egen'm,
1274 2164 1481 2223 quaeue
1499 2145 1809 2223 susceperim
1821 2191 1843 2221 ‚7
1858 2148 1975 2205 bre·

230 2238 368 2295 uitet
402 2230 690 2294 ostendam.
796 2232 976 2291 Nolui
1012 2236 1462 2294 commentarium
1497 2239 1553 2294 in
1593 2237 1973 2298 Oricellarium

225 2326 480 2391 scribere;
515 2343 607 2384 aut
627 2324 694 2383 ad
713 2322 1000 2400 supplenda
1023 2346 1108 2393 ea,
1128 2345 1264 2403 quae
1292 2330 1536 2403 cognoui
1565 2350 1598 2386 a
1632 2350 1760 2387 meo
1788 2331 1972 2392 austo-

225 2437 283 2476 re
305 2435 395 2476 aut
418 2415 617 2483 omiffae
639 2431 729 2473 aut
747 2415 980 2474 breuiter
998 2417 1252 2476 adnotata
1278 2416 1378 2476 effe
1391 2464 1405 2486 ‚
1426 2417 1778 2497 copiofiffime
1804 2418 1973 2478 effim-

229 2508 384 2574 dere‚
421 2526 553 2585 quae
583 2527 612 2565 a
641 2505 896 2586 sexcentis
919 2507 1029 2565 aliis
1143 2509 1153 2519 ”
1195 2509 1423 2569 uitatum
1458 2509 1826 2569 Romanarum
1850 2510 1972 2568 scri-

231 2599 480 2675 ptoribus
515 2613 570 2654 et
603 2595 857 2672 disputata
893 2595 987 2656 sub
1016 2598 1027 2608 ’
1186 2613 1188 2616 ·
1216 2615 1270 2655 et
1307 2598 1544 2676 expofita
1582 2603 1742 2658 doste
1777 2617 1831 2657 et
1861 2598 1971 2657 fuse

232 2686 457 2751 fuerunt.
549 2687 752 2769 Neque
777 2706 883 2768 ego
903 2707 993 2749 me
1015 2691 1179 2749 credo
1210 2688 1467 2767 egressum
1491 2712 1725 2771 vnquam
1762 2691 1970 2750 cancel-

366 2797 368 2801 ·
416 2778 428 2788 ’
476 2777 488 2781 ’
1162 2780 1208 2840 Β
1859 2783 1968 2853 los,
